@book{halim3rd,
	author={Steven Halim and Felix Halim},
	title={Competitive Programming},
	subtitle={The New Lower Bound of Programming Contests},
	edition={3},
	pagetotal={447},
	year={2013},
	publisher={Lulu},
	url={https://cpbook.net}
}
